<?xml version="1.0" encoding="UTF-8"?><collection xmlns="http://www.loc.gov/MARC21/slim"><record><leader>00369nam--2200133-i-4500</leader><controlfield tag="001">000032328</controlfield><controlfield tag="002">20161230</controlfield><controlfield tag="005">20161230201039</controlfield><controlfield tag="008">060222s1000------------r-----000-0-eng-d</controlfield><datafield ind1=" " ind2=" " tag="100"><subfield code="a">Mark, Harry B</subfield></datafield><datafield ind1=" " ind2=" " tag="245"><subfield code="a">Rechnitz, garry a</subfield></datafield><datafield ind1=" " ind2=" " tag="260"><subfield code="a">Kinetics In Analitical Chemistry. With The Assistance Of Ronald A. Greinke</subfield></datafield><datafield ind1=" " ind2=" " tag="490"><subfield code="a">Chemical Analysis</subfield></datafield><datafield ind1=" " ind2=" " tag="852"><subfield code="a">541.12:543:547</subfield></datafield></record></collection>